@Article{jimeneznavajas2024quantum,
  author    = {Jimenez-Navajas, Luis and Buhler, Fabian and Leymann, Frank and Perez-Castillo, Ricardo and Piattini, Mario and Vietz, Daniel},
  journal   = {Quantum Information and Computation},
  title     = {Quantum software development: a survey},
  year      = {2024},
  issn      = {1533-7146},
  month     = jun,
  number    = {7 & 8},
  pages     = {609--642},
  volume    = {24},
  doi       = {10.26421/qic24.7-8-4},
  publisher = {Rinton Press},
}

@Article{luishevia2024quantum,
  author    = {Luis Hevia, Jose and Peterssen, Guido and Piattini, Mario},
  journal   = {Quantum Information &amp; Computation},
  title     = {Quantum software development risks},
  year      = {2024},
  issn      = {1533-7146},
  month     = apr,
  number    = {5 & 6},
  pages     = {455--467},
  volume    = {24},
  doi       = {10.26421/qic24.5-6-5},
  publisher = {Rinton Press},
}

@electronic{hello-many-worlds,
	title= {Hello Many Worlds in Seven Quantum Languages},
	url = {	https://ionq.com/docs/hello-many-worlds-seven-quantum-languages}

}

@Comment{jabref-meta: databaseType:bibtex;}
