@Article{larose2019overview,
  author    = {Ryan LaRose},
  journal   = {Quantum},
  title     = {Overview and Comparison of Gate Level Quantum Software Platforms},
  year      = {2019},
  month     = {mar},
  pages     = {130},
  volume    = {3},
  doi       = {10.22331/q-2019-03-25-130},
  publisher = {Verein zur Forderung des Open Access Publizierens in den Quantenwissenschaften},
}

@Misc{zhao2020quantum,
  author    = {Zhao, Jianjun},
  title     = {Quantum Software Engineering: Landscapes and Horizons},
  year      = {2020},
  copyright = {arXiv.org perpetual, non-exclusive license},
  doi       = {10.48550/arXiv.2007.07047},
  keywords  = {Software Engineering (cs.SE), Programming Languages (cs.PL), Quantum Physics (quant-ph), FOS: Computer and information sciences, FOS: Computer and information sciences, FOS: Physical sciences, FOS: Physical sciences},
  publisher = {arXiv},
}

@Article{gill2021quantum,
  author    = {Sukhpal Singh Gill and Adarsh Kumar and Harvinder Singh and Manmeet Singh and Kamalpreet Kaur and Muhammad Usman and Rajkumar Buyya},
  journal   = {Software: Practice and Experience},
  title     = {Quantum computing: A taxonomy, systematic review and future directions},
  year      = {2021},
  month     = {oct},
  number    = {1},
  pages     = {66--114},
  volume    = {52},
  doi       = {10.1002/spe.3039},
  publisher = {Wiley},
}


@Article{yarkoni2022quantum,
  author    = {Sheir Yarkoni and Elena Raponi and Thomas Bäck and Sebastian Schmitt},
  journal   = {Reports on Progress in Physics},
  title     = {Quantum annealing for industry applications: introduction and review},
  year      = {2022},
  month     = {sep},
  number    = {10},
  pages     = {104001},
  volume    = {85},
  doi       = {10.1088/1361-6633/ac8c54},
  publisher = {{IOP} Publishing},
}

@InProceedings{choi2019tutorial,
  author    = {Jaeho Choi and Joongheon Kim},
  booktitle = {2019 International Conference on Information and Communication Technology Convergence ({ICTC})},
  title     = {A Tutorial on Quantum Approximate Optimization Algorithm ({QAOA}): Fundamentals and Applications},
  year      = {2019},
  month     = {oct},
  publisher = {{IEEE}},
  doi       = {10.1109/ictc46691.2019.8939749},
}

@Article{crosson2021prospects,
  author    = {E. J. Crosson and D. A. Lidar},
  journal   = {Nature Reviews Physics},
  title     = {Prospects for quantum enhancement with diabatic quantum annealing},
  year      = {2021},
  month     = {may},
  number    = {7},
  pages     = {466--489},
  volume    = {3},
  doi       = {10.1038/s42254-021-00313-6},
  publisher = {Springer Science and Business Media {LLC}},
}

@Article{orus2019quantum,
  author    = {Rom{\'{a}}n Or{\'{u}}s and Samuel Mugel and Enrique Lizaso},
  journal   = {Reviews in Physics},
  title     = {Quantum computing for finance: Overview and prospects},
  year      = {2019},
  month     = {nov},
  pages     = {100028},
  volume    = {4},
  doi       = {10.1016/j.revip.2019.100028},
  publisher = {Elsevier {BV}},
}

@Misc{bouland2020prospects,
  author    = {Bouland, Adam and van Dam, Wim and Joorati, Hamed and Kerenidis, Iordanis and Prakash, Anupam},
  title     = {Prospects and challenges of quantum finance},
  year      = {2020},
  copyright = {arXiv.org perpetual, non-exclusive license},
  doi       = {10.48550/ARXIV.2011.06492},
  keywords  = {Computational Finance (q-fin.CP), Quantum Physics (quant-ph), FOS: Economics and business, FOS: Economics and business, FOS: Physical sciences, FOS: Physical sciences},
  publisher = {arXiv},
}

@InProceedings{yarkoni2020quantum,
  author    = {Sheir Yarkoni and Florian Neukart and Eliane Moreno Gomez Tagle and Nicole Magiera and Bharat Mehta and Kunal Hire and Swapnil Narkhede and Martin Hofmann},
  booktitle = {Proceedings of the 1st {ACM} {SIGSOFT} International Workshop on Architectures and Paradigms for Engineering Quantum Software},
  title     = {Quantum Shuttle: traffic navigation with Quantum computing},
  year      = {2020},
  month     = {nov},
  publisher = {{ACM}},
  doi       = {10.1145/3412451.3428500},
}

@Article{domino2022quadratic,
  author    = {Krzysztof Domino and Akash Kundu and Özlem Salehi and Krzysztof Krawiec},
  journal   = {Quantum Information Processing},
  title     = {Quadratic and higher-order unconstrained binary optimization of railway rescheduling for quantum computing},
  year      = {2022},
  month     = {sep},
  number    = {9},
  volume    = {21},
  doi       = {10.1007/s11128-022-03670-y},
  publisher = {Springer Science and Business Media {LLC}},
}

@Article{domino2023quantum,
  author    = {Krzysztof Domino and M{\'{a}}ty{\'{a}}s Koniorczyk and Krzysztof Krawiec and Konrad Ja{\l}owiecki and Sebastian Deffner and Bart{\l}omiej Gardas},
  journal   = {Entropy},
  title     = {Quantum Annealing in the {NISQ} Era: Railway Conflict Management},
  year      = {2023},
  month     = {jan},
  number    = {2},
  pages     = {191},
  volume    = {25},
  doi       = {10.3390/e25020191},
  publisher = {{MDPI} {AG}},
}

@InCollection{borowski2020new,
  author    = {Micha{\l} Borowski and Pawe{\l} Gora and Katarzyna Karnas and Mateusz B{\l}ajda and Krystian Kr{\'{o}}l and Artur Matyjasek and Damian Burczyk and Miron Szewczyk and Micha{\l} Kutwin},
  booktitle = {Lecture Notes in Computer Science},
  publisher = {Springer International Publishing},
  title     = {New Hybrid Quantum Annealing Algorithms for Solving Vehicle Routing Problem},
  year      = {2020},
  pages     = {546--561},
  doi       = {10.1007/978-3-030-50433-5_42},
}

@Article{ajagekar2019quantum,
  author    = {Akshay Ajagekar and Fengqi You},
  journal   = {Energy},
  title     = {Quantum computing for energy systems optimization: Challenges and opportunities},
  year      = {2019},
  month     = {jul},
  pages     = {76--89},
  volume    = {179},
  doi       = {10.1016/j.energy.2019.04.186},
  publisher = {Elsevier {BV}},
}

@Article{dri2023more,
  author    = {Emanuele Dri and Antonello Aita and Edoardo Giusto and Davide Ricossa and Davide Corbelletto and Bartolomeo Montrucchio and Roberto Ugoccioni},
  journal   = {Entropy},
  title     = {A More General Quantum Credit Risk Analysis Framework},
  year      = {2023},
  month     = {mar},
  number    = {4},
  pages     = {593},
  volume    = {25},
  doi       = {10.3390/e25040593},
  publisher = {{MDPI} {AG}},
}

@Article{dri2022towards,
  author    = {Emanuele Dri and Edoardo Giusto and Antonello Aita and Bartolomeo Montrucchio},
  journal   = {Journal of Physics: Conference Series},
  title     = {Towards practical Quantum Credit Risk Analysis},
  year      = {2022},
  month     = {dec},
  number    = {1},
  pages     = {012002},
  volume    = {2416},
  doi       = {10.1088/1742-6596/2416/1/012002},
  publisher = {{IOP} Publishing},
}

@InProceedings{anil2022performance,
  author    = {Gautham Govind Anil and Anil Prabhakar},
  booktitle = {2022 International Conference on Trends in Quantum Computing and Emerging Business Technologies ({TQCEBT})},
  title     = {Performance Analysis: Vehicle Routing using Quantum Annealing},
  year      = {2022},
  month     = {oct},
  publisher = {{IEEE}},
  doi       = {10.1109/tqcebt54229.2022.10041448},
}

@Misc{farhi2014quantum,
  author    = {Farhi, Edward and Goldstone, Jeffrey and Gutmann, Sam},
  title     = {A Quantum Approximate Optimization Algorithm},
  year      = {2014},
  copyright = {arXiv.org perpetual, non-exclusive license},
  doi       = {10.48550/ARXIV.1411.4028},
  keywords  = {Quantum Physics (quant-ph), FOS: Physical sciences, FOS: Physical sciences},
  publisher = {arXiv},
}

@Misc{glover2018tutorial,
  author    = {Glover, Fred and Kochenberger, Gary and Du, Yu},
  title     = {A Tutorial on Formulating and Using {QUBO} Models},
  year      = {2018},
  copyright = {arXiv.org perpetual, non-exclusive license},
  doi       = {10.48550/ARXIV.1811.11538},
  keywords  = {Data Structures and Algorithms (cs.DS), Discrete Mathematics (cs.DM), Optimization and Control (math.OC), Quantum Physics (quant-ph), FOS: Computer and information sciences, FOS: Computer and information sciences, FOS: Mathematics, FOS: Mathematics, FOS: Physical sciences, FOS: Physical sciences, 90C27},
  publisher = {arXiv},
}

@Article{seskir2022landscape,
  author    = {Zeki Can Seskir and Ramis Korkmaz and Arsev Umur Aydinoglu},
  journal   = {{EPJ} Quantum Technology},
  title     = {The landscape of the quantum start-up ecosystem},
  year      = {2022},
  month     = {oct},
  number    = {1},
  volume    = {9},
  doi       = {10.1140/epjqt/s40507-022-00146-x},
  publisher = {Springer Science and Business Media {LLC}},
}

@Article{canivell2021startup,
  author    = {V. Canivell and P. Forn-D{\'{\i}}az and A. Garcia-Saez and R. Sagastizabal},
  journal   = {{EPJ} Quantum Technology},
  title     = {Startup Qilimanjaro{\textemdash}towards a European full-stack coherent quantum annealer platform},
  year      = {2021},
  month     = {feb},
  number    = {1},
  volume    = {8},
  doi       = {10.1140/epjqt/s40507-021-00094-y},
  publisher = {Springer Science and Business Media {LLC}},
}

@Article{bova2021commercial,
  author    = {Francesco Bova and Avi Goldfarb and Roger G. Melko},
  journal   = {{EPJ} Quantum Technology},
  title     = {Commercial applications of quantum computing},
  year      = {2021},
  month     = {jan},
  number    = {1},
  volume    = {8},
  doi       = {10.1140/epjqt/s40507-021-00091-1},
  publisher = {Springer Science and Business Media {LLC}},
}

@Misc{miszczak2023symbolic,
  author    = {Miszczak, Jarosław Adam},
  title     = {Symbolic quantum programming for supporting applications of quantum computing technologies},
  year      = {2023},
  copyright = {Creative Commons Attribution Share Alike 4.0 International},
  doi       = {10.48550/ARXIV.2302.09401},
  keywords  = {Quantum Physics (quant-ph), Programming Languages (cs.PL), Software Engineering (cs.SE), FOS: Physical sciences, FOS: Physical sciences, FOS: Computer and information sciences, FOS: Computer and information sciences, D.2.1; I.1.4},
  publisher = {arXiv},
}

@Article{seskir2021landscape,
  author    = {Zeki C. Seskir and Arsev U. Aydinoglu},
  journal   = {International Journal of Quantum Information},
  title     = {The landscape of academic literature in quantum technologies},
  year      = {2021},
  month     = {mar},
  number    = {02},
  pages     = {2150012},
  volume    = {19},
  doi       = {10.1142/s021974992150012x},
  publisher = {World Scientific Pub Co Pte Lt},
}

@Article{salehi2022computer,
  author    = {\"Ozlem Salehi and Zeki Seskir and Ilknur Tepe},
  journal   = {{IEEE} Transactions on Education},
  title     = {A Computer Science-Oriented Approach to Introduce Quantum Computing to a New Audience},
  year      = {2022},
  month     = {feb},
  number    = {1},
  pages     = {1--8},
  volume    = {65},
  doi       = {10.1109/te.2021.3078552},
  publisher = {Institute of Electrical and Electronics Engineers ({IEEE})},
}

@Article{ruan2023quantum,
  author    = {Yue Ruan and Zhiqiang Yuan and Xiling Xue and Zhihao Liu},
  journal   = {Information Sciences},
  title     = {Quantum approximate optimization for combinatorial problems with constraints},
  year      = {2023},
  month     = {jan},
  pages     = {98--125},
  volume    = {619},
  doi       = {10.1016/j.ins.2022.11.020},
  publisher = {Elsevier {BV}},
}

@Article{lucas2014ising,
  author    = {Andrew Lucas},
  journal   = {Frontiers in Physics},
  title     = {Ising formulations of many {NP} problems},
  year      = {2014},
  volume    = {2},
  doi       = {10.3389/fphy.2014.00005},
  publisher = {Frontiers Media {SA}},
}

@Article{venturelli2019reverse,
  author    = {Davide Venturelli and Alexei Kondratyev},
  journal   = {Quantum Machine Intelligence},
  title     = {Reverse quantum annealing approach to portfolio optimization problems},
  year      = {2019},
  month     = {apr},
  number    = {1-2},
  pages     = {17--30},
  volume    = {1},
  doi       = {10.1007/s42484-019-00001-w},
  publisher = {Springer Science and Business Media {LLC}},
}

@Misc{floether2023state,
  author    = {Flöther, Frederik F.},
  title     = {The state of quantum computing applications in health and medicine},
  year      = {2023},
  copyright = {Creative Commons Attribution Share Alike 4.0 International},
  doi       = {10.48550/ARXIV.2301.09106},
  keywords  = {Quantum Physics (quant-ph), Other Quantitative Biology (q-bio.OT), FOS: Physical sciences, FOS: Physical sciences, FOS: Biological sciences, FOS: Biological sciences},
  publisher = {arXiv},
}

@Comment{jabref-meta: databaseType:bibtex;}
